<record><leader>00000cas a2200000 a 4500</leader><controlfield tag="001">15743185</controlfield><controlfield tag="008">870528d18481848cauwr ne      0    0eng  </controlfield><datafield ind1=" " ind2=" " tag="010"><subfield code="a">sn 87062203 </subfield></datafield><datafield ind1=" " ind2=" " tag="040"><subfield code="a">DLC</subfield><subfield code="b">eng</subfield><subfield code="c">DLC</subfield><subfield code="d">CNK</subfield><subfield code="d">OCL</subfield><subfield code="d">CUV</subfield><subfield code="d">CUS</subfield><subfield code="d">CNK</subfield><subfield code="d">OCLCQ</subfield><subfield code="d">OCLCO</subfield><subfield code="d">OCLCF</subfield><subfield code="d">OCLCO</subfield></datafield><datafield ind1="1" ind2=" " tag="029"><subfield code="a">AU@</subfield><subfield code="b">000020129066</subfield></datafield><datafield ind1=" " ind2=" " tag="042"><subfield code="a">pcc</subfield></datafield><datafield ind1=" " ind2=" " tag="043"><subfield code="a">n-us-ca</subfield></datafield><datafield ind1="0" ind2="0" tag="050"><subfield code="a">Newspaper 7189</subfield></datafield><datafield ind1="0" ind2="4" tag="245"><subfield code="a">The California star &amp; Californian.</subfield></datafield><datafield ind1="3" ind2="0" tag="246"><subfield code="a">California star and Californian</subfield></datafield><datafield ind1=" " ind2=" " tag="260"><subfield code="a">San Francisco, Calif. :</subfield><subfield code="b">Edward C. Kemble</subfield></datafield><datafield ind1=" " ind2=" " tag="300"><subfield code="a">v. :</subfield><subfield code="b">ill. (chiefly advertisements) ;</subfield><subfield code="c">46 cm.</subfield></datafield><datafield ind1=" " ind2=" " tag="310"><subfield code="a">Weekly</subfield></datafield><datafield ind1="0" ind2=" " tag="362"><subfield code="a">Vol. 2, no. 24 (Nov. 18, 1848)-v. 2, no. 29 (Dec. 23, 1848).</subfield></datafield><datafield ind1=" " ind2=" " tag="530"><subfield code="a">Also issued online and on microfilm from Bell &amp; Howell, Micro Photo Div.</subfield></datafield><datafield ind1=" " ind2=" " tag="530"><subfield code="a">Master negatives are available for duplication from:</subfield><subfield code="b">California Newspaper Microfilm Archive;</subfield><subfield code="c">for further information consult the CNMA at:</subfield><subfield code="u">http://cbsr.ucr.edu</subfield></datafield><datafield ind1=" " ind2="0" tag="651"><subfield code="a">San Francisco (Calif.)</subfield><subfield code="v">Newspapers.</subfield></datafield><datafield ind1=" " ind2="7" tag="655"><subfield code="a">Newspapers.</subfield><subfield code="2">fast</subfield><subfield code="0">(OCoLC)fst01423814</subfield></datafield><datafield ind1=" " ind2="7" tag="651"><subfield code="a">California</subfield><subfield code="z">San Francisco.</subfield><subfield code="2">fast</subfield><subfield code="0">(OCoLC)fst01204481</subfield></datafield><datafield ind1=" " ind2=" " tag="752"><subfield code="a">United States</subfield><subfield code="b">California</subfield><subfield code="c">San Francisco</subfield><subfield code="d">San Francisco.</subfield></datafield><datafield ind1="0" ind2="4" tag="780"><subfield code="t">Californian (Monterey, Calif. : 1846)</subfield><subfield code="w">(DLC)sn 84025963</subfield></datafield><datafield ind1="0" ind2="4" tag="780"><subfield code="t">California star (San Francisco, Calif. : 1847)</subfield><subfield code="w">(DLC)sn 84027218</subfield></datafield><datafield ind1="0" ind2="0" tag="785"><subfield code="t">Alta California (San Francisco, Calif. : Weekly)</subfield><subfield code="w">(DLC)sn 82016197</subfield></datafield><datafield ind1="4" ind2="1" tag="856"><subfield code="3">1848:Nov-Dec.</subfield><subfield code="z">Search for articles</subfield><subfield code="u">http://bibpurl.oclc.org/web/31161</subfield><subfield code="u">http://cdnc.ucr.edu/newsucr</subfield></datafield><datafield ind1="4" ind2="1" tag="856"><subfield code="3">1848:Nov-Dec.</subfield><subfield code="z">Browse available issues</subfield><subfield code="u">http://bibpurl.oclc.org/web/39013</subfield><subfield code="u">http://cdnc.ucr.edu/newsucr/cgi-bin/newsucr?a=d&amp;cl=CL1.CSC&amp;e=-------en-logical-20-AL-1-----all</subfield></datafield></record>